@misc{JILPT2020,
  author = {独立行政法人 労働政策研究・研修機構},
  title = {ものづくり産業における技能継承の現状と課題に関する調査},
  howpublished = {https://www.jil.go.jp/institute/research/2020/194.html},
  note = {(最終閲覧日:2024年10月25日)},
  year = {2020},
  language = {japanese}
}

@article{Tatiana2012,
  author = {Tatiana Gavrilova and Tatiana Andreeva},
  title = {Knowledge elicitation techniques in a knowledge management context},
  journal = {Journal of Knowledge Management},
  volume = {16},
  number = {4},
  pages = {523-537},
  year = {2012},
  language = {english} 
}

@book{Polanyi1966,
  author = {Polanyi, Michael},
  title = {The Tacit Dimension},
  publisher = {University of Chicago Press},
  year = {1966},
  address = {Chicago}
}

@book{Nonaka1996,
  author = {野中 郁次郎 and 竹内 弘高},
  title = {知識創造企業},
  publisher = {東洋経済新報社},
  year = {1996},
  language = {japanese},
  note = {梅本勝博 訳}
}

@article{Onozato1998,
  author = {小野里 雅彦},
  title = {きさげ作業における技能の分析とそのモデル化},
  journal = {計測と制御},
  volume = {37},
  number = {7},
  pages = {495-498},
  year = {1998},
  language = {japanese}
}

@article{Yashiro2021,
  author = {屋代 裕一 and 王 ゴウ and 羽鳥 文雄 and 矢吹 信喜},
  title = {プラント施工現場での視線計測技術による熟練者ノウハウ抽出に関する研究},
  journal = {土木学会論文集F4(建設マネジメント)},
  volume = {77},
  number = {2},
  pages = {I1-I15},
  year = {2021},
  language = {japanese}
}

@article{Ogawa2011,
  author = {小川 泰右 and 山崎 友義 and 池田 満 and 鈴木 斎王 and 荒木 賢二 and 橋田 浩一},
  title = {医療サービス実践知の共有支援に向けたオントロジーの構築と利用},
  journal = {人工知能学会論文誌},
  volume = {26},
  number = {3},
  pages = {461-472},
  year = {2011},
  language = {japanese}
}

@article{Nishimura2017,
  author = {西村 悟史 and 大谷 博 and 畠山 直人 and 長谷部 希恵子 and 福田 賢一郎 and 來村 徳信 and 溝口 理一郎 and 西村 拓一},
  title = {現場主体の知識発現方法の提案},
  journal = {人工知能学会論文誌},
  volume = {32},
  number = {4},
  pages = {C-G95-1-15},
  year = {2017},
  language = {japanese}
}

@misc{Uchihira2022,
  author = {内平 直志 and 西村 拓一},
  title = {現場で表出する人間の気づきや潜在知識のデジタル化: Human centricデジタルツインへの提言},
  journal = {研究・イノベーション学会},
  pages = {620-6223},
  year = {2022},
  howpublished = {http://hdl.handle.net/10119/18532},
  note = {(最終閲覧日:2024年10月25日)},
  language = {japanese}
}

@article{Moore1989,
  author = {Michael Grahme Moore},
  title = {Three Types of Interaction},
  journal = {American Journal of Distance Education},
  volume = {3(2)},
  pages = {1-7},
  year = {1989},
  language = {english},
}

@article{Hirose2018,
  author = {広瀬 健一 and 深澤 浩洋},
  title = {スポーツにおける言語論再考},
  journal = {体育・スポーツ哲学研究},
  number = {40巻},
  volume = {1号},
  pages = {53-62},
  year = {2018},
  language = {japanese},
}
@article{Saeki2017,
  author = {佐伯 悦彦 and 中村 康則 and 向後 千春},
  title = {救急医療現場における看護OJT 指導者の成長プロセス},
  journal = {日本教育工学会論文誌},
  number = {41巻},
  volume = {Suppl. 号},
  pages = {49-52},
  year = {2017},
  language = {japanese},
}

@article{Tanaka2024,
  author = {田中 孝明 and 大坪 舜 and 伊藤 孝太郎 and 畠山 卓也 and 安齋 佑司 and 長坂 知明 and 松井 崇 and 石川 信行},
  title = {{LLM}マルチエージェントを用いたアイディエーション応用とアイデア評価手法に関する研究},
  journal = {人工知能学会全国大会論文集},
  volume = {JSAI2024},
  number = {38},
  pages = {4G3GS205},
  year = {2024},
  language = {japanese}
}

@article{Ozaki2024,
  author = {尾﨑大晟 and 中川智皓 and 内藤昭一 and 井之上 直也 and 山口 健史 and 天野 祥太郎 and 新谷 篤彦},
  title = {{LLM}による前提生成ステップを用いた反論の攻撃力向上手法},
  journal = {人工知能学会全国大会論文集},
  volume = {SAI2024},
  number = {38},
  pages = {3F1GS1004},
  year = {2024},
  language = {japanese}
}

@article{Welz2024,
  author = {L. Welz and C. Lanquillon},
  title = {Enhancing Large Language Models Through External Domain Knowledge},
  journal = {Artificial Intelligence in HCI},
  series = {Lecture Notes in Computer Science},
  volume = {14736},
  pages = {125-146},
  year = {2024},
  language = {english}
}

@article{Lewis2020,
  author = {Patrick Lewis and Ethan Perez and Aleksandra Piktus and Fabio Petroni and Vladimir Karpukhin and Naman Goyal and Heinrich Küttler and Mike Lewis and Wen-tau Yih and Tim Rocktäschel and Sebastian Riedel and Douwe Kiela},
  title = {Retrieval-Augmented Generation for Knowledge-Intensive NLP Tasks},
  journal = {Advances in Neural Information Processing Systems},
  volume = {33},
  year = {2020},
  language = {english}
}

@article{Shen2024,
  author = {Wen-Cheng Shen and Fu-Ren Lin},
  title = {The Design of AI-Enabled Experience-Based Knowledge Management System to Facilitate Knowing and Doing in Communities of Practice},
  journal = {Knowledge Management in Organisations},
  volume = {2152},
  pages = {292-303},
  year = {2024},
  language = {english}
}

@article{Ukai2023,
  author = {鵜飼孝典},
  title = {{LLM}を利用したイベント中心ナレッジグラフにおけるイベント予測},
  journal = {人工知能学会第二種研究会資料},
  volume = {2023},
  number = {SWO-061},
  pages = {08-},
  year = {2023},
  language = {japanese}
}

@article{Nishimura2008,
  author = {Nishimura, Satoshi and Kitamura, Yoshinobu and Sasajima, Munehiko and Williamson, Akiko and Kinoshita, Chikako and Hirao, Akemi and Hattori, Kanetoshi and Mizoguchi, Riichiro},
  title = {CHARM Knowledge and its Application to Nursing GuidelinesIntegration},
  journal = {Journal of Advanced Computational Intelligence and Intelligent Informatics},
  volume = {27},
  number = {4},
  pages = {697-701},
  year = {2008},
  language = {english}
}

@article{Nishimura2015,
  author = {西村 悟史 and 笹嶋 宗彦 and 來村 徳信 and 中村 明美 and 高橋 弘枝 and 平尾 明美 and 服部 兼敏 and 溝口 理一郎},
  title = {目的指向の看護手順学習に向けた複数観点からの知識閲覧システム CHARM Pad と新人看護師研修への実践的活用},
  journal = {人工知能学会論文誌},
  volume = {30},
  number = {1},
  pages = {22-36},
  year = {2015},
  language = {japanese}
}

@article{Kato2023,
  author = {加藤 晶太 and 権野 めぐみ and 伊集院 幸輝 and 押山 千秋 and 西村 拓一},
  title = {日常業務内での"知識発現"の提案-事例収集と動画添削指導の支援システムの開発},
  journal = {情報処理学会研究報告(Web)},
  volume = {IS-164},
  number = {6},
  pages = {1-6},
  year = {2023},
  language = {japanese}
}

@article{Yoshida2022,
  author = {吉田 康行 and 飯野 なみ and 西野 貴志 and 齊藤 貴也 and 西村 拓一},
  title = {高齢者の自立支援差介護における遠隔技術を用いた知識・データ融合の実践と分析},
  journal = {情報処理学会論文誌},
  volume = {63},
  number = {1},
  pages = {116-128},
  year = {2022},
  language = {japanese}
}

@article{Ijuin2022,
  author = {伊集院 幸輝 and 小早川 真衣子 and 飯野 なみ and 西村 拓一},
  title = {作業手順内の目的を表出し構造化する方法の提案―介護現場での目的指向知識構造化},
  journal = {情報処理学会論文誌},
  volume = {63},
  number = {1},
  pages = {104-115},
  year = {2022},
  language = {japanese}
}

@article{Klein2008,
  author = {Gary Klein},
  title = {Naturalistic decision making},
  journal = {Human Factors},
  volume = {50},
  number = {3},
  pages = {456-460},
  year = {2008},
  language = {english}
}

@article{Sato2024,
  author = {佐藤 航 and 山本 葵 and 熊谷 小百合 and 吉田 康行 and 伊集院 幸輝 and 押山 千秋 and 藤波 努 and 西村 拓一},
  title = {身体動作の指導知識構造化方法の提案},
  journal = {情報処理学会論文誌},
  volume = {65},
  number = {1},
  pages = {113-125},
  year = {2024},
  language = {japanese}
}